@mastersthesis{viloria2021topmodel,
    year = {2021},
    title = {{Wanna Be On Top? The Hyperparameter Search for Semantic Change's Next Top Model}},
    language = {eng},
    author = {Viloria, Kate},
    school = {University of Gothenburg},
    keywords = {semantic change, language change, diachronic word embeddings},
}


@manual{Kubhist,
    title = {The Kubhist Corpus, v2},
    url = {https://spraakbanken.gu.se/korp/?mode=kubhist},
    author = {Spr{\aa}kbanken},
    year = {Downloaded in 2019}, 
    organization = {Department of Swedish, University of Gothenburg}
}

@techreport{adesam2020superlim,
	title        = {SwedishGLUE â€“ Towards a Swedish Test Set for Evaluating Natural Language Understanding Models},
	author       = {Adesam, Yvonne and Berdicevskis, Aleksandrs and Morger, Felix},
	year         = {2020},
	publisher    = {University of Gothenburg},
	institution    = {University of Gothenburg}
}

@inproceedings{eide2016swedish,
  title={The {S}wedish culturomics gigaword corpus: A one billion word {S}wedish reference dataset for {NLP}},
  author={R{\o}dven-Eide, Stian and Tahmasebi, Nina and Borin, Lars},
  booktitle={Digital Humanities 2016.},
  number={126},
  pages={8--12},
  year={2016},
  organization={Link{\"o}ping University Electronic Press}
}

@article{davies2012expanding,
  title={Expanding horizons in historical linguistics with the 400-million word Corpus of Historical American English},
  author={Davies, Mark},
  journal={Corpora},
  volume={7},
  number={2},
  pages={121--157},
  year={2012},
  publisher={Edinburgh University Press 22 George Square, Edinburgh EH8 9LF UK}
}

@article{sahlgren2008distributional,
  title={The distributional hypothesis},
  author={Sahlgren, Magnus},
  journal={Italian Journal of Linguistics},
  volume={20},
  pages={33--53},
  year={2008}
}

@article{harris1954distributional,
  doi = {10.1080/00437956.1954.11659520},
  url = {https://doi.org/10.1080/00437956.1954.11659520},
  year = {1954},
  month = aug,
  publisher = {Informa {UK} Limited},
  volume = {10},
  number = {2-3},
  pages = {146--162},
  author = {Zellig S. Harris},
  title = {Distributional Structure},
  journal = {Word}
}

@misc{bender_2020, 
    title={The \#BenderRule: On Naming the Languages We Study and Why It Matters}, url={https://thegradient.pub/the-benderrule-on-naming-the-languages-we-study-and-why-it-matters/}, journal={The Gradient}, publisher={The Gradient}, author={Bender, Emily M.}, year={2020}, month={Oct}
} 


@book{breal1897essai,
  title={Essai de s{\'e}mantique: science des significations},
  author={Br{\'e}al, M.},
  url={https://books.google.com.vc/books?id=fWN0tQEACAAJ},
  year={1897},
  publisher={Hachette}
}

@book{saussure1916,
  added-at = {2011-03-16T01:00:56.000+0100},
  address = {Paris},
  author = {de Saussure, Ferdinand},
  biburl = {https://www.bibsonomy.org/bibtex/2fda24bc99db1fc518f263ff7e2c266a4/fsteeg},
  interhash = {f0c0605bdee43551185be81deb6a2145},
  intrahash = {fda24bc99db1fc518f263ff7e2c266a4},
  keywords = {linguistics},
  publisher = {Payot},
  timestamp = {2011-03-16T01:00:56.000+0100},
  title = {Cours de linguistique g{\'e}n{\'e}rale},
  year = 1916
}


@phdthesis{stern-1921,
    title    = {Swift, swiftly and their synonyms. A contribution to semantic analysis and theory.},
    school   = {University of Gothenburg},
    author   = {Stern, Nils Gustaf},
    year     = {1921}
}

@article{hengchen-tahmasebi_2021-swedishdiachronic, 
    title={A Collection of Swedish Diachronic Word Embedding Models Trained on Historical Newspaper Data}, volume={7}, ISSN={2059-481X}, DOI={10.5334/johd.22}, journal={Journal of Open Humanities Data}, author={Hengchen, Simon and Tahmasebi, Nina}, year={2021}, month={Jan}, pages={2} }
    
@article{supersim2021,
  author    = {Simon Hengchen and
               Nina Tahmasebi},
  title     = {SuperSim: a test set for word similarity and relatedness in Swedish},
  journal   = {CoRR},
  volume    = {abs/2104.05228},
  year      = {2021},
  url       = {https://arxiv.org/abs/2104.05228},
  archivePrefix = {arXiv},
  eprint    = {2104.05228},
  timestamp = {Mon, 19 Apr 2021 16:45:47 +0200},
  biburl    = {https://dblp.org/rec/journals/corr/abs-2104-05228.bib},
  bibsource = {dblp computer science bibliography, https://dblp.org}
}

@incollection{hengchen2021challenges,
	author = {Hengchen, Simon and Tahmasebi, Nina and Schlechtweg, Dominik and Dubossarsky, Haim},
	booktitle = {Computational Approaches to Semantic Change},
	chapter = 11,   
	address      = {Berlin},
	editor = {Tahmasebi, Nina and Borin, Lars and Jatowt, Adam and Xu, Yang and Hengchen, Simon},
	publisher = {Language Science Press},
	series = {Language Variation},
	title = {Challenges for Computational Lexical Semantic Change},
	year = {2021}
}
